<record><leader>00000cas a2200000 a 4500</leader><controlfield tag="001">12434622</controlfield><controlfield tag="008">850828d187u1873iludr ne      0    0eng c</controlfield><datafield ind1=" " ind2=" " tag="010"><subfield code="a">sn 85034114 </subfield></datafield><datafield ind1=" " ind2=" " tag="040"><subfield code="a">NPU</subfield><subfield code="b">eng</subfield><subfield code="c">NPU</subfield><subfield code="d">NVF</subfield><subfield code="d">OCLCQ</subfield><subfield code="d">OCLCF</subfield><subfield code="d">OCLCO</subfield></datafield><datafield ind1="1" ind2=" " tag="029"><subfield code="a">AU@</subfield><subfield code="b">000020386431</subfield></datafield><datafield ind1=" " ind2=" " tag="042"><subfield code="a">pcc</subfield></datafield><datafield ind1=" " ind2=" " tag="043"><subfield code="a">n-us-il</subfield></datafield><datafield ind1="0" ind2=" " tag="130"><subfield code="a">Evening call (Quincy, Ill. : 1873)</subfield></datafield><datafield ind1="1" ind2="4" tag="245"><subfield code="a">The Evening call.</subfield></datafield><datafield ind1="1" ind2="7" tag="246"><subfield code="a">Daily evening call</subfield></datafield><datafield ind1=" " ind2=" " tag="260"><subfield code="a">Quincy, Ill. :</subfield><subfield code="b">Tom J. Heirs</subfield></datafield><datafield ind1=" " ind2=" " tag="300"><subfield code="a">v.</subfield></datafield><datafield ind1=" " ind2=" " tag="310"><subfield code="a">Daily</subfield></datafield><datafield ind1="1" ind2=" " tag="362"><subfield code="a">Ceased in 1873.</subfield></datafield><datafield ind1=" " ind2=" " tag="588"><subfield code="a">Description based on: Vol. 3, no. 195 (Feb. 21, 1873).</subfield></datafield><datafield ind1=" " ind2=" " tag="588"><subfield code="a">Latest issue consulted: Vol. 3, no. 195 (Feb. 21, 1873).</subfield></datafield><datafield ind1=" " ind2="0" tag="651"><subfield code="a">Quincy (Ill.)</subfield><subfield code="v">Newspapers.</subfield></datafield><datafield ind1=" " ind2="7" tag="655"><subfield code="a">Newspapers.</subfield><subfield code="2">fast</subfield><subfield code="0">(OCoLC)fst01423814</subfield></datafield><datafield ind1=" " ind2="7" tag="651"><subfield code="a">Illinois</subfield><subfield code="z">Quincy.</subfield><subfield code="2">fast</subfield><subfield code="0">(OCoLC)fst01212078</subfield></datafield><datafield ind1=" " ind2=" " tag="752"><subfield code="a">United States</subfield><subfield code="b">Illinois</subfield><subfield code="c">Adams</subfield><subfield code="d">Quincy.</subfield></datafield><datafield ind1="0" ind2="0" tag="780"><subfield code="t">Daily evening call (Quincy, Ill.)</subfield><subfield code="w">(DLC)sn 92054572</subfield></datafield><datafield ind1="0" ind2="0" tag="785"><subfield code="t">Quincy evening call</subfield><subfield code="w">(DLC)sn 92054573</subfield></datafield></record>